@article{RDLMFVT,

  author    = {Guoxing Wu, Wenjie Lu},
  title     = {Regional deep learning model for visual tracking},
 % url       = {https://www.sciencedirect.com/science/article/pii/S0925231215015234},
  year      = {2016},
  publisher = {Science Direct}
  }
  
  @article{article,
author = {Vargas, Rocio and Mosavi, Amir and Ruiz, Ramon},
year = {2017},
month = {06},
pages = {},
title = {DEEP LEARNING: A REVIEW},
volume = {5},
journal = {Advances in Intelligent Systems and Computing}
}
  
@article{kvant,
  title     = {"Информационная ёмкость сети Хопфилда с квантованными весами"},
  author    = {М. С. Тарков},
  url       = {http://mi.mathnet.ru/pdm676},
  year      = {2019},
  pages     = {97--103},
  number    = {45},
  journal   = {ПДМ}
  }
  
@article{DLT,
  title     = {Learning a deep compact image representation for visual tracking},
  author    = {N. Wang, D.-Y. Yeung},
  year      = {2013},
  publisher = {Advances in Neural Information Processing Systems, Nevada}
  }  

@article{b1,
  title     = {Real-time visual tracking using compressive sensing},
  author    = {H. Li, C. Shen, Q. Shi},
  publisher = {2011 IEEE Conference on Computer Vision and Pattern Recognition (CVPR), Colorado, IEEE},
  year      = {2011},
  pages     = {1305–1312}
  }
  
@article{b2,
  title     = {Minimum uncertainty gap for robust visual tracking},
  author    = {J. Kwon, K.M. Lee},
  publisher = {2013 IEEE Conference on Computer Vision and Pattern Recognition (CVPR), IEEE},
  year      = {2013},
  pages     = {2355–2362}
 }
  
@article{ivt1,
  title     = {Incremental learning for robust visual tracking},
  author    = {D. Ross, J. Lim, R. Lin, and M. Yang},
  publisher = {International Journal of Computer Vision},
  year      = {2008}
  }
  
@article{adaboost,
  title     = {Real-time tracking via on-line boosting},
  author    = {H. Grabner, M. Grabner, and H. Bischof},
  publisher = {BMVC},
  pages     = {47–56},
  year      = {2006}
  }

@article{beanchmark,
  title     = {Online object tracking: A benchmark},
  author    = {Y. Wu, J. Lim, and M. Yang},
  publisher = {CVPR},
  years     = {2013}
}